<?xml version="1.0" encoding="UTF-8"?>
<marc:collection xmlns:marc="http://www.loc.gov/MARC21/slim" xmlns:xsi="http://www.w3.org/2001/XMLSchema-instance" xsi:schemaLocation="http://www.loc.gov/MARC21/slim http://www.loc.gov/standards/marcxml/schema/MARC21slim.xsd">
   <marc:record type="Bibliographic">
      <marc:leader>01011cam a2200265 a 4500</marc:leader>
      <marc:controlfield tag="001">969099</marc:controlfield>
      <marc:controlfield tag="003">NjP</marc:controlfield>
      <marc:controlfield tag="005">20120901101340.0</marc:controlfield>
      <marc:controlfield tag="008">950428s1925    ua a          00010 ara d</marc:controlfield>
      <marc:datafield tag="024" ind1="7" ind2=" ">
         <marc:subfield code="a">princeton_aco000619</marc:subfield>
         <marc:subfield code="2">local</marc:subfield>
      </marc:datafield>
      <marc:datafield tag="035" ind1=" " ind2=" ">
         <marc:subfield code="a">(OCoLC)32477556</marc:subfield>
      </marc:datafield>
      <marc:datafield tag="035" ind1=" " ind2=" ">
         <marc:subfield code="a">(CStRLIN)NJPG95-B27322</marc:subfield>
      </marc:datafield>
      <marc:datafield tag="035" ind1=" " ind2=" ">
         <marc:subfield code="9">CBT4637TS</marc:subfield>
      </marc:datafield>
      <marc:datafield tag="040" ind1=" " ind2=" ">
         <marc:subfield code="a">NjP</marc:subfield>
         <marc:subfield code="c">NjP</marc:subfield>
      </marc:datafield>
      <marc:datafield tag="041" ind1="1" ind2=" ">
         <marc:subfield code="a">ara</marc:subfield>
         <marc:subfield code="h">per</marc:subfield>
      </marc:datafield>
      <marc:datafield tag="100" ind1="1" ind2=" ">
         <marc:subfield code="a">Afghānī, Jamāl al-Dīn,</marc:subfield>
         <marc:subfield code="d">1838-1897.</marc:subfield>
      </marc:datafield>
      <marc:datafield tag="240" ind1="1" ind2="0">
         <marc:subfield code="a">Naycharīyah.</marc:subfield>
         <marc:subfield code="l">Arabic</marc:subfield>
      </marc:datafield>
      <marc:datafield tag="245" ind1="1" ind2="3">
         <marc:subfield code="a">al-Radd ʻalá al-dahrīyīn /</marc:subfield>
         <marc:subfield code="c">li-Jamāl al-Dīn al-Afghānī ; naqalahā min la-lughah al-Fārisīyah ilá al-lughah al-ʻArabīyah Muḥammad ʻAbduh.</marc:subfield>
      </marc:datafield>
      <marc:datafield tag="260" ind1=" " ind2=" ">
         <marc:subfield code="a">Miṣr :</marc:subfield>
         <marc:subfield code="b">al-Maṭbaʻah al-Raḥmānīyah,</marc:subfield>
         <marc:subfield code="c">1925.</marc:subfield>
      </marc:datafield>
      <marc:datafield tag="300" ind1=" " ind2=" ">
         <marc:subfield code="a">90 p. :</marc:subfield>
         <marc:subfield code="b">ill. ;</marc:subfield>
         <marc:subfield code="c">22 cm.</marc:subfield>
      </marc:datafield>
      <marc:datafield tag="650" ind1=" " ind2="0">
         <marc:subfield code="a">Materialism.</marc:subfield>
      </marc:datafield>
      <marc:datafield tag="650" ind1=" " ind2="0">
         <marc:subfield code="a">Islam</marc:subfield>
         <marc:subfield code="x">Apologetic works.</marc:subfield>
      </marc:datafield>
      <marc:datafield tag="700" ind1="0" ind2=" ">
         <marc:subfield code="a">Muḥammad ʻAbduh,</marc:subfield>
         <marc:subfield code="d">1849-1905.</marc:subfield>
      </marc:datafield>
      <marc:datafield tag="852" ind1="0" ind2=" ">
         <marc:subfield code="b">nec</marc:subfield>
         <marc:subfield code="h">B825</marc:subfield>
         <marc:subfield code="i">.A344124 1925</marc:subfield>
         <marc:subfield code="p">1115590</marc:subfield>
         <marc:subfield code="x">reclassed from: 2271.50535.3745 1925</marc:subfield>
      </marc:datafield>
      <marc:datafield tag="998" ind1=" " ind2=" ">
         <marc:subfield code="a">05/02/95</marc:subfield>
         <marc:subfield code="s">9114</marc:subfield>
         <marc:subfield code="n">NjP</marc:subfield>
         <marc:subfield code="w">NJPG95B27322</marc:subfield>
         <marc:subfield code="d">04/28/95</marc:subfield>
         <marc:subfield code="c">AAH</marc:subfield>
         <marc:subfield code="b">AAH</marc:subfield>
         <marc:subfield code="i">950502</marc:subfield>
         <marc:subfield code="l">NJPG</marc:subfield>
      </marc:datafield>
      <marc:datafield tag="911" ind1=" " ind2=" ">
         <marc:subfield code="a">19950511</marc:subfield>
      </marc:datafield>
      <marc:datafield tag="912" ind1=" " ind2=" ">
         <marc:subfield code="a">19950502000000.0</marc:subfield>
      </marc:datafield>
   </marc:record>
</marc:collection>
